<record><leader>00000cas a22000007a 4500</leader><controlfield tag="001">20214892</controlfield><controlfield tag="008">890818c19859999lauwr ne      0   a0eng d</controlfield><datafield ind1=" " ind2=" " tag="010"><subfield code="a">sn 89059317 </subfield></datafield><datafield ind1=" " ind2=" " tag="040"><subfield code="a">LNP</subfield><subfield code="b">eng</subfield><subfield code="c">LNP</subfield><subfield code="d">NSD</subfield><subfield code="d">OCLCQ</subfield></datafield><datafield ind1=" " ind2=" " tag="012"><subfield code="m">0</subfield></datafield><datafield ind1="1" ind2=" " tag="022"><subfield code="a">1067-8921</subfield><subfield code="l">1067-8921</subfield><subfield code="2">1</subfield></datafield><datafield ind1=" " ind2=" " tag="037"><subfield code="b">Donaldsonville Newspapers Inc., 3103 Lee Dr., POB 328, Pierre Part, LA 70339-0328</subfield></datafield><datafield ind1=" " ind2=" " tag="042"><subfield code="a">msc</subfield><subfield code="a">nsdp</subfield></datafield><datafield ind1="0" ind2=" " tag="130"><subfield code="a">Cajun gazette (Pierre Part, La.)</subfield></datafield><datafield ind1=" " ind2="0" tag="222"><subfield code="a">Cajun gazette</subfield><subfield code="b">(Pierre Part, La.)</subfield></datafield><datafield ind1="1" ind2="0" tag="245"><subfield code="a">Cajun gazette.</subfield></datafield><datafield ind1="3" ind2="0" tag="246"><subfield code="a">Gazette cadienne</subfield></datafield><datafield ind1=" " ind2=" " tag="260"><subfield code="a">Pierre Part [La. :</subfield><subfield code="b">s.n.]</subfield></datafield><datafield ind1=" " ind2=" " tag="300"><subfield code="a">v.</subfield></datafield><datafield ind1=" " ind2=" " tag="310"><subfield code="a">Weekly</subfield></datafield><datafield ind1="0" ind2=" " tag="362"><subfield code="a">Vol. 2, issue 16 (Apr. 17, 1985)-</subfield></datafield><datafield ind1=" " ind2=" " tag="500"><subfield code="a">"Serving the Pierre Part &amp; Belle River area."</subfield></datafield><datafield ind1=" " ind2=" " tag="500"><subfield code="a">Vols. for &lt;Dec. 16, 1992-&gt; published by Donaldsonville Newspapers.</subfield></datafield><datafield ind1=" " ind2=" " tag="588"><subfield code="a">Latest issue consulted: Vol. 9, issue 1 (Dec. 16, 1992).</subfield></datafield><datafield ind1=" " ind2=" " tag="752"><subfield code="a">United States</subfield><subfield code="b">Louisiana</subfield><subfield code="c">Assumption</subfield><subfield code="d">Pierre Part.</subfield></datafield><datafield ind1=" " ind2=" " tag="752"><subfield code="a">United States</subfield><subfield code="b">Louisiana</subfield><subfield code="c">Assumption</subfield><subfield code="d">Belle River.</subfield></datafield><datafield ind1="0" ind2="0" tag="780"><subfield code="t">Pierre Part Belle River news letter</subfield><subfield code="w">(DLC)sn 89059318</subfield><subfield code="w">(OCoLC)20214908</subfield></datafield></record>